@article{talley1986association,
  title={Association of anxiety, neuroticism, and depression with dyspepsia of unknown cause: a case-control study},
  author={Talley, NJ and Fung, LH and Gilligan, IJ and McNeil, D and Piper, DW},
  journal={Gastroenterology},
  volume={90},
  number={4},
  pages={886--892},
  year={1986},
  publisher={Elsevier}
}

@article{cattell1961meaning,
  title={The meaning and measurement of neuroticism and anxiety.},
  author={Cattell, Raymond B and Scheier, Ivan H},
  year={1961},
  publisher={Ronald}
}

@article{roelofs2008rumination,
  title={Rumination and worrying as possible mediators in the relation between neuroticism and symptoms of depression and anxiety in clinically depressed individuals},
  author={Roelofs, Jeffrey and Huibers, Marcus and Peeters, Frenk and Arntz, Arnoud and van Os, Jim},
  journal={Behaviour Research and Therapy},
  volume={46},
  number={12},
  pages={1283--1289},
  year={2008},
  publisher={Elsevier}
}

@article{xiuqin2010mental,
  title={Mental health, personality, and parental rearing styles of adolescents with Internet addiction disorder},
  author={Xiuqin, Huang and Huimin, Zhang and Mengchen, Li and Jinan, Wang and Ying, Zhang and Ran, Tao},
  journal={Cyberpsychology, Behavior, and Social Networking},
  volume={13},
  number={4},
  pages={401--406},
  year={2010},
  publisher={Mary Ann Liebert, Inc. 140 Huguenot Street, 3rd Floor New Rochelle, NY 10801 USA}
}

@article{kiecolt2002emotions,
  title={Emotions, morbidity, and mortality: new perspectives from psychoneuroimmunology},
  author={Kiecolt-Glaser, Janice K and McGuire, Lynanne and Robles, Theodore F and Glaser, Ronald},
  journal={Annual review of psychology},
  volume={53},
  number={1},
  pages={83--107},
  year={2002},
  publisher={Annual Reviews 4139 El Camino Way, PO Box 10139, Palo Alto, CA 94303-0139, USA}
}